@misc{ wiki:modularity,
   author = "Wikipedia",
   title = "Modularity (networks) --- Wikipedia{,} The Free Encyclopedia",
   year = "2016",
   url = "\url{https://en.wikipedia.org/w/index.php?title=Modularity_(networks)&oldid=751888052}",
   note = "[Online; accessed 9-February-2017]"
}

@misc{ website:igraph,
  title = {igraph â€“ The network analysis package},
  howpublished = "\url{http://igraph.org/redirect.html}",
  note = "[Online; accessed 25-May-2017]"
}

@misc{ website:networkx,
  title = {NetworkX, High-productivity software for complex networks},
  howpublished = "\url{https://networkx.github.io/}",
  note = "[Online; accessed 25-May-2017]"
}

@misc{ website:edge_betweenness,
  title = {Community finding based on edge betweenness},
  howpublished = "\url{http://igraph.org/c/doc/igraph-Community.html#idm470942730032}",
  note = "[Online; accessed 25-May-2017]"
}

@misc{ website:fastgreedy,
  title = {Finding community structure by greedy optimization of modularity},
  howpublished = "\url{http://igraph.org/c/doc/igraph-Community.html#idm470942725872}",
  note = "[Online; accessed 25-May-2017]"
}

@misc{ website:louvain,
  title = {Louvain method: Finding communities in large networks},
  howpublished = "\url{https://sites.google.com/site/findcommunities/}",
  note = "[Online; accessed 25-May-2017]"
}
